@inproceedings{SB13,
	author={Daniel St{\aa}hl and Jan Bosch},
	title={Experienced Benefits of Continuous Integration in Industry Software Product Development: A Case Study},
	booktitle={The 12th IASTED International Conference on Software Engineering},
	year={2013},
	month={March 4},
	pages={736-743}
}
@misc{Fow06,
	author={Martin Fowler},
	year={2006},
	month={May 01},
	title={Continuous Integration},
	howpublished={saatavissa: https://martinfowler.com/articles/continuousIntegration.html},
	note={[viitattu 31.10.2017]}
}
@inproceedings{MSB17,
	author={T. M{\aa}rtensson and D. St{\aa}hl and J. Bosch},
	year={2017},
	month={April 3-7},
	title={Continuous Integration Impediments in Large-Scale Industry Projects},
	booktitle={2017 IEEE International Conference on Software Architecture},
	publisher={IEEE},
	pages={169-178}
}
@inproceedings{PRC17,
	author={Gustavo Pinto and Marcel Rebouças and Fernando Castor},
	year={2017},
	title={Inadequate Testing, Time Pressure, and (over) Confidence: A Tale of Continuous Integration Users},
	booktitle={10th International Workshop on Cooperative and Human Aspects of Software Engineering (CHASE)},
	publisher={IEEE/ACM},
	pages={74-77}
}
@inproceedings{LIH17,
	author={Adriaan Labuschagne and Laura Inozemtseva and Reid Holmes},
	year={2017},
	month={September 4-8},
	title={Measuring the Cost of Regression Testing in Practice: A Study of Java Projects Using Continuous Integration},
	booktitle={ESEC/FSE'17},
	publisher={ACM},
	pages={821-830}
}
@inproceedings{MGN+17,
	author={Atif Memon and Zebao Gao and Bao Nguyen and Sanjeev Dhanda and Eric Nickell and Rob Siemborski and John Micco},
	year={2017},
	month={May 20-28},
	title={Taming Google-scale Continuous Testing},
	booktitle={39th International Conference on Software Engineering: Software Engineering in Practice Track},
	publisher={IEEE/ACM},
	pages={233-242}
}
@inproceedings{ERP14,
	author={Sebastian Elbaum and Gregg Rothermel and John Penix},
	year={2014},
	month={November 16-21},
	title={Techniques for Improving Regression Testing in Continuous Integration Development Environments},
	booktitle={The 22nd ACM SIGSOFT International Symposium on the Foundations of Software Engineering (FSE 2014)},
	publisher={ACM},
	pages={235-245}
}
@inproceedings{LGL+16,
	author={Nan Li and Jin Guo and Jeff Lei and Yao Li and Chang Rao and YaXin Cao},
	year={2016},
	month={May 24-27},
	title={Towards Agile Testing for Railway Safety$\-$critical Software},
	booktitle={XP16 Workshops Proceedings of the Scientific Workshop Proceedings of XP2016},
	publisher={ACM}
}
@inproceedings{HNT+17,
	author={Michael Hilton and Nicholas Nelson and Timothy Tunnell and Darko Marinov and Danny Dig},
	year={2017},
	title={Trade-offs in Continuous Integration: Assurance, Security, and Flexibility},
	booktitle={TITLE},
	publisher={ACM},
	pages={197-207}
}
@inproceedings{HTH+16,
	author={Michael Hilton and Timothy Tunnell and Kai Huang and Darko Marinov and Danny Dig},
	year={2016},
	month={September 3-7},
	title={Usage, Costs, and Benefits of Continuous Integration in Open$\-$source Projects},
	booktitle={ASE'16},
	pages={426-437}
}
